@article{BR1,
  title         = {A High-Order Accurate Discontinuous Finite Element Method for the Numerical Solution of the Compressible {Navier}-{Stokes} Equations},
  author        = {F. Bassi and S. Rebay},
  year          = 1997,
  journal       = {J. Comput. Phys.},
  volume        = 131,
  pages         = {267--279},
}
@inproceedings{BR2,
  title         = {A high-order accurate discontinuous finite element method fir inviscid an viscous turbomachinery flows},
  author        = {F. Bassi and S. Rebay and G. Mariotti and S. Pedinotti and M. Savini},
  year          = 1997,
  booktitle     = {Proceedings of 2nd European Conference on Turbomachinery, Fluid and Thermodynamics},
  address       = {Technologisch Instituut, Antwerpen, Belgium},
  pages         = {99--108},
  editor        = {R. Decuypere and G. Dibelius},
}
@techreport{carlson2011inflow,
  title         = {Inflow/outflow boundary conditions with application to FUN3D},
  author        = {Carlson, Jan-Rene{\'e}},
  year          = 2011,
  institution   = {Langley Research Center, Hampton, Virginia},
}
@techreport{Carpenter1994,
  title         = {Fourth-Order 2{N}-Storage {R}unge-{K}utta Schemes},
  author        = {M. Carpenter and C. Kennedy},
  year          = 1994,
  number        = {NASA TM 109111},
  institution   = {Langley Research Center, Hampton, Virginia},
}
@article{chandrashekar2013,
  title         = {Kinetic energy preserving and entropy stable finite volume schemes for compressible Euler and Navier-Stokes equations},
  author        = {Chandrashekar, Praveen},
  year          = 2013,
  journal       = {Communications in Computational Physics},
  publisher     = {Cambridge University Press},
  volume        = 14,
  pages         = {1252--1286},
}
@article{colella1984piecewise,
  title         = {The piecewise parabolic method (PPM) for gas-dynamical simulations},
  author        = {Colella, Phillip and Woodward, Paul R},
  journal       = {Journal of computational physics},
  volume        = 54,
  number        = 1,
  pages         = {174--201},
  year          = 1984,
  publisher     = {Elsevier},
}
@inproceedings{flad2014discontinuous,
  title         = {A Discontinuous Galerkin Spectral Element Method for the direct numerical simulation of aeroacoustics},
  author        = {Flad, David and Frank, Hannes and Beck, Andrea D and Munz, Claus-Dieter},
  year          = 2014,
  booktitle     = {20th AIAA/CEAS Aeroacoustics Conference},
  pages         = 2740,
}
@misc{gao2016efficient,
  title         = {Efficient Absorbing Layers for Weakly Compressible Flows},
  url           = {https://infoscience.epfl.ch/handle/20.500.14299/97200},
  author        = {Gao, Zhen and Hesthaven, Jan S. and Warburton, Tim},
  year          = 2016,
}
@article{gassner2011comparison,
  title         = {A comparison of the dispersion and dissipation errors of Gauss and Gauss--Lobatto discontinuous Galerkin spectral element methods},
  author        = {Gassner, Gregor and Kopriva, David A},
  journal       = {SIAM Journal on Scientific Computing},
  volume        = 33,
  number        = 5,
  pages         = {2560--2579},
  year          = 2011,
  publisher     = {SIAM},
}
@article{gassner2013accuracy,
  title         = {On the accuracy of high-order discretizations for underresolved turbulence simulations},
  author        = {Gassner, Gregor J and Beck, Andrea D},
  year          = 2013,
  journal       = {Theoretical and Computational Fluid Dynamics},
  publisher     = {Springer},
  volume        = 27,
  number        = {3-4},
  pages         = {221--237},
}
@article{Gassner2016,
  title         = {{Split form nodal discontinuous Galerkin schemes with summation-by-parts property for the compressible Euler equations}},
  author        = {Gassner, Gregor J. and Winters, Andrew R. and Kopriva, David A.},
  year          = 2016,
  month         = dec,
  journal       = {J. Comput. Phys.},
  publisher     = {Academic Press},
  volume        = 327,
  pages         = {39--66},
  doi           = {10.1016/j.jcp.2016.09.013},
  issn          = {0021-9991},
}
@article{ghia1982high,
  title         = {High-Re solutions for incompressible flow using the Navier-Stokes equations and a multigrid method},
  author        = {Ghia, UKNG and Ghia, Kirti N and Shin, CT},
  journal       = {Journal of computational physics},
  volume        = 48,
  number        = 3,
  pages         = {387--411},
  year          = 1982,
  publisher     = {Elsevier},
}
@article{hennemann2021provably,
  title         = {A provably entropy stable subcell shock capturing approach for high order split form DG for the compressible Euler equations},
  author        = {Hennemann, Sebastian and Rueda-Ram\'irez, Andr\'es M and Hindenlang, Florian J and Gassner, Gregor J},
  year          = 2021,
  journal       = {Journal of Computational Physics},
  publisher     = {Elsevier},
  volume        = 426,
  pages         = 109935,
}
@article{hindenlang2012explicit,
  title         = {Explicit discontinuous Galerkin methods for unsteady problems},
  author        = {Hindenlang, Florian and Gassner, Gregor J and Altmann, Christoph and Beck, Andrea and Staudenmaier, Marc and Munz, Claus-Dieter},
  year          = 2012,
  journal       = {Computers \& Fluids},
  publisher     = {Elsevier},
  volume        = 61,
  pages         = {86--93},
}
@inproceedings{jameson1981numerical,
  title         = {Numerical solution of the Euler equations by finite volume methods using Runge Kutta time stepping schemes},
  author        = {Jameson, Antony and Schmidt, Wolfgang and Turkel, Eli},
  booktitle     = {14th fluid and plasma dynamics conference},
  pages         = 1259,
  year          = 1981,
}
@article{KoprivaGassner2010,
  title         = {On the Quadrature and Weak Form Choices in Collocation Type Discontinuous Galerkin Spectral Element Methods},
  author        = {Kopriva, David A. and Gassner, Gregor},
  year          = 2010,
  journal       = {Journal of Scientific Computing},
  volume        = 44,
  pages         = {136--155},
  issue         = 2,
  keywords      = {Spectral element; Discontinuous Galerkin; Collocation},
}
@article{koprivamortar2002,
  title         = {Computation of electromagnetic scattering with a non-conforming discontinuous spectral element method},
  author        = {Kopriva, David A and Woodruff, Stephen L and Hussaini, M Yousuff},
  year          = 2002,
  journal       = {International journal for numerical methods in engineering},
  publisher     = {Wiley Online Library},
  volume        = 53,
  number        = 1,
  pages         = {105--122},
}
@article{moser1999direct,
  title         = {Direct numerical simulation of turbulent channel flow up to Re$\tau$=590},
  author        = {Moser, Robert D and Kim, John and Mansour, Nagi N},
  journal       = {Physics of fluids},
  volume        = 11,
  number        = 4,
  pages         = {943--945},
  year          = 1999,
  publisher     = {AIP Publishing},
}
@article{niegemann2012efficient,
  title         = {Efficient low-storage Runge--Kutta schemes with optimized stability regions},
  author        = {Niegemann, Jens and Diehl, Richard and Busch, Kurt},
  year          = 2012,
  journal       = {Journal of Computational Physics},
  publisher     = {Elsevier},
  volume        = 231,
  number        = 2,
  pages         = {364--372},
}
@inproceedings{Persson06shock,
  title         = {{Sub-Cell Shock Capturing for Discontinuous Galerkin Methods}},
  author        = {Persson, Per-Olof and Peraire, Jaime},
  booktitle     = {{Proceedings of the 44th AIAA Aerospace Sciences Meeting and Exhibit}},
  year          = 2006,
  publisher     = {American Institute of Aeronautics and Astronautics},
  doi           = {10.2514/6.2006-112},
}
@article{pirozzoli2010,
  title         = {Generalized conservative approximations of split convective derivative operators},
  author        = {Pirozzoli, Sergio},
  year          = 2010,
  journal       = {Journal of Computational Physics},
  publisher     = {Elsevier},
  volume        = 229,
  pages         = {7180--7190},
}
@article{roache_code_2001,
  title         = {Code {Verification} by the {Method} of {Manufactured} {Solutions}},
  volume        = 124,
  number        = 1,
  journal       = {Journal of Fluids Engineering},
  author        = {Roache, Patrick J.},
  month         = nov,
  year          = 2001,
  pages         = {4--10},
}
@inproceedings{schmid2009dynamic,
  title         = {Dynamic mode decomposition and proper orthogonal decomposition of flow in a lid-driven cylindrical cavity},
  author        = {Schmid, Peter J and Meyer, Knud Erik and Pust, Oliver},
  booktitle     = {8th International Symposium on Particle Image Velocimetry},
  pages         = {25--28},
  year          = 2009,
}
@article{Smagorinsky1963,
  author        = {Smagorinsky, J.},
  journal       = {Monthly Weather Review},
  title         = {General Circulation Experiments with the Primitive Equations},
  year          = 1963,
  month         = mar,
  number        = 3,
  pages         = {99--164},
  volume        = 91,
  doi           = {10.1175/1520-0493(1963)091<0099:gcewtp>2.3.co;2},
  publisher     = {American Meteorological Society},
}
@article{sod1978survey,
  title         = {A survey of several finite difference methods for systems of nonlinear hyperbolic conservation laws},
  author        = {Sod, Gary A},
  journal       = {Journal of computational physics},
  volume        = 27,
  number        = 1,
  pages         = {1--31},
  year          = 1978,
  publisher     = {Elsevier},
}
@article{sonntag2017efficient,
  title         = {Efficient parallelization of a shock capturing for discontinuous Galerkin methods using finite volume sub-cells},
  author        = {Sonntag, Matthias and Munz, Claus-Dieter},
  year          = 2017,
  journal       = {Journal of Scientific Computing},
  publisher     = {Springer},
  volume        = 70,
  number        = 3,
  pages         = {1262--1289},
}
@article{Taylor1937,
  author        = {Taylor, Geoffrey Ingram and Green, Albert Edward},
  journal       = {Proceedings of the Royal Society of London. Series A - Mathematical and Physical Sciences},
  title         = {Mechanism of the production of small eddies from large ones},
  year          = 1937,
  month         = feb,
  number        = 895,
  pages         = {499--521},
  volume        = 158,
  doi           = {10.1098/rspa.1937.0036},
  publisher     = {The Royal Society},
}
@article{Zhang2010,
  title         = {On positivity-preserving high order discontinuous Galerkin schemes for compressible Euler equations on rectangular meshes},
  author        = {Xiangxiong Zhang and Chi-Wang Shu},
  year          = 2010,
  journal       = {Journal of Computational Physics},
  volume        = 229,
  number        = 23,
  pages         = {8918--8934},
  doi           = {10.1016/j.jcp.2010.08.016},
  issn          = {0021-9991},
}

@inproceedings{Blind2023,
	title        = {Towards Exascale CFD Simulations Using the Discontinuous Galerkin Solver FLEXI},
	author       = {Marcel Blind and Min Gao and Daniel Kempf and Patrick Kopper and Marius Kurz and Anna Schwarz and Andrea Beck},
	booktitle    = {High Performance Computing in Science and Engineering '23 (in press)},
	year         = {2024}
}
