@STRING(JCP="J. Comp. Phys.")
@STRING(CF="Comp. Fluids")

@article{Benson,
author = {David J Benson},
title = {Momentum advection on a staggered mesh},
journal = JCP,
volume = {100},
pages = {143-162},
year = {1992}
}

@article{Chang,
journal=JCP,
title={The space-time conservation element and solution element method: {A} new high resolution and genuinely multidimensional paradigm for solving conservation laws},
author={S. Chang and X. Wang and C. Chow},
volume={160},
pages={89-136},
year={1999}
}

@article{einfeldt,
 title={On {G}odunov-type methods near low densities},
 author={Einfeldt and others},
 journal=JCP,
 volume={92},
 pages={273--295},
 year={1991}
}

@techreport{exactpack,
title={{ExactPack}: {A}n Open-Source Software Package for Code Verification},
institution={Los Alamos National Laboratory},
number = {LA-CC-14-047},
authors={J. Thrussel and S. Doebling and R. Singleton and N. Woods},
year={2014}
}

@article{flexigeneral,
 title={Explicit discontinuous Galerkin methods for unsteady problems},
 author={Hindenlang, Florian and Gassner, Gregor J and Altmann, Christoph and Beck, Andrea and Staudenmaier, Marc and Munz, Claus-Dieter},
 journal=CF,
 volume={61},
 pages={86--93},
 year={2012},
 publisher={Elsevier}
}

@article{flexiles,
 title={High-order discontinuous Galerkin spectral element methods for transitional and turbulent flow simulations},
 author={Beck, Andrea D and Bolemann, Thomas and Flad, David and Frank, Hannes and Gassner, Gregor J and Hindenlang, Florian and Munz, Claus-Dieter},
 journal={International Journal for Numerical Methods in Fluids},
 volume={76},
 number={8},
 pages={522--548},
 year={2014},
 publisher={Wiley Online Library}
}

@article{Glimm,
 author={James Glimm},
 title={Solutions in the large for nonlinear hyperbolic systems of equations},
 journal={Communications in Pure and Applied Mathematics},
 volume={18},
 pages={697-715},
 year={1965}
}

@article{godunov,
 title={A difference method for numerical calculation of discontinuous solutions of the equations of hydrodynamics},
 author={Godunov, S. K.},
 journal={Mat. Sbornik (N.S.)},
 volume={47},
 pages={271--306},
 year={1959},
 publisher={\url{http://mi.mathnet.ru/sm4873}}
 }

@book{Griffiths,
title={Numerical analysis using {R}: {S}olutions to {ODE}s and {PDE}s},
author={Graham W. Griffiths},
publisher={Cambridge University Press},
year={2016},
note={\url{https://doi.org/10.1017/CBO9781316336069}}
}

@article{Hui,
journal=JCP,
title={A unified coordinate system for solving the two-dimensional {E}uler equations},
author={W. Hui and P. Li and Z. Li},
volume={153},
pages={596-637},
year={1999}
}

@techreport{Kamm,
title={On Eﬃcient Generation of Numerically Robust {S}edov Solutions},
author={J. R. Kamm  and F. X. Timmes},
institution={Los Alamos National Laboratory},
number={LA-UR-07-2849},
year={2007}
}

@ONLINE {Liska,
    author = {Richard Liska and Burton Wendroff},
    title = {Comparison of several difference schemes on 1{D} and 2{D} test problems for the {E}uler equations},
    year = {2000},
    url = {http://www-troja.fjfi.cvut.cz/~liska/CompareEuler/compare8/},
    urldate = {2000-01-01}
}

@InBook{ParaView,
  author    = {Ahrens, James and Geveci, Berk and Law, Charles},
  chapter   = {{ParaView}: An End-User Tool for Large Data Visualization},
  pages     = {717--731},
  publisher = {Elsevier Inc.},
  title     = {Visualization Handbook},
  year      = {2005},
  address   = {Burlington, MA, USA},
  url       = {https://www.sciencedirect.com/book/9780123875822/visualization-handbook},
}

@book{ParaViewManual,
 author = {Utkarsh  Ayachit},
 title = {The {ParaView} Guide: {A} Parallel Visualization Application},
 publisher = {Kitware {ISBN}~978-1930934306},
 year = {2015}
 }

@techreport{Pember,
author = {R B Pember and R W Anderson},
title = {A Comparison of staggered-mesh {L}agrange plus remap and cell-centered direct {E}ulerian {G}odunov schemes for {E}ulerian shock hydrodynamics},
institution={Lawrence Livermore National Laboratory},
number = {UCRL-JC-139820},
year = {2000}
}

@book{Sedov,
 title={Similarity and Dimensional Methods in Mechanics},
 author={Sedov, L I},
 year={1959},
 pages={147},
 publisher={Elsevier}
}

@article{Sedov46,
title={The movement of air in a strong explosion},
author={Sedov, L I },
journal={Dokl Akad Nauk SSSR},
volume={52},
number={17},
year={1946}
}

@techreport{sod1,
 title={The computer implementation of {G}limm's method},
 author={Gary A. Sod},
 institution={Lawrence Livermore National Laboratory}, number= {UCID-17252},
 year={1976}
}

@article{sod2,
 title={A survey of several finite difference methods for systems of nonlinear hyperbolic conservation laws},
 author={Gary A. Sod},
 journal=JCP,
 volume={27},
 pages={1--31},
 year={1978},
 publisher={\url{https://hal.archives-ouvertes.fr/hal-01635155}}
}

@article{Taylor,
journal={Proceedings of the  Royal Society A},
title={The Air Wave Surrounding an Expanding Sphere},
author={G I Taylor},
volume={186},
pages={159},
year={1950}
}

@book{toro,
author={E. F. Toro},
title={Riemann solvers and numerical methods for fluid dynamics: a practical introduction.},
publisher={Springer},
year={2009}
}

@book{vonN,
title={Collected Works of John von Neumann},
author={A. H. Taub},
publisher={Pergamon Press},
year={1963}
}
